1901 3209
810 185 1206 254 *Φῆῧῆἓὲ*

306 343 740 418 ςίιετειᾶειτηι
790 342 1085 410 obtinere
1135 342 1526 412 essentialem
1561 347 1670 412 vix
1715 368 1791 420 ac

303 469 386 515 ne
413 449 520 512 vix
552 444 816 534 quidem
841 440 1134 529 poffibile
1164 445 1301 507 erit.

446 626 783 715 Arttficialis
814 615 1117 690 cbaeraaer
1135 621 1440 690 essentiali
1470 622 1790 692 substitui·

300 746 441 805 tur,
489 746 692 812 vsque
722 721 878 787 dum
919 719 1025 785 hic
1058 725 1319 787 eruitur.
1439 723 1791 807 Distingui‘t

301 845 504 910 genus
547 825 728 886 vnica
783 834 931 882 nota
971 834 1080 883 aut
1120 818 1407 904 pluribus
1457 842 1486 884 a
1523 818 1789 907 reliquis

297 915 642 1006 generibus
670 913 786 980 sub
817 913 1057 980 eodem
1088 914 1317 981 ordine
1348 915 1790 982 militantibus.

297 1013 498 1084 Nouo
524 1013 678 1080 ideo
707 1008 969 1077 detedio
994 1029 1228 1094 genere
1256 1002 1505 1099 saepius
1539 1031 1793 1078 mutan·

282 1114 459 1202 dus,
514 1113 583 1176 vt
625 1112 818 1176 etiam
867 1106 945 1174 ab
984 1107 1114 1173 hoc
1152 1127 1389 1192 genere
1430 1109 1793 1193 distinguat.

285 1206 683 1290 Charadlere
714 1202 1016 1269 effentiali
1053 1202 1305 1290 semper
1345 1202 1643 1286 inferior,
1700 1221 1795 1271 at·

295 1323 516 1373 tamen
553 1302 661 1370 vbi
707 1300 813 1367 hic
852 1298 1026 1365 haud
1056 1298 1422 1385 inuenitur,
1469 1302 1578 1368 ille
1623 1301 1794 1368 sem-

297 1426 414 1493 per
446 1399 884 1471 succedaneus
921 1395 1344 1463 adhibendus.

443 1582 761 1656 Naturalis
810 1577 1117 1646 charaffer
1174 1598 1487 1667 generum
1509 1632 1528 1663 ‚
1591 1596 1793 1669 quem

295 1687 404 1754 hic
441 1685 657 1762 trado,
691 1677 955 1767 praebet
989 1696 1174 1743 notas
1207 1701 1439 1745 omnes
1472 1682 1539 1743 in
1567 1679 1792 1743 instru-

298 1786 535 1851 mentis
585 1780 838 1845 cibariis
884 1775 1188 1842 omnibus
1236 1773 1574 1862 speciebus
1622 1778 1792 1841 eius-

300 1881 452 1947 dem
478 1880 729 1962 generis
766 1895 1173 1940 communes.
1315 1871 1640 1938 Describit
1675 1895 1794 1937 nu-

295 1999 587 2056 merum,
636 1975 938 2057 figuram,
990 1972 1486 2056 proportionem
1515 1970 1574 2036 ἅ
1604 1967 1797 2033 fitum

299 2077 600 2142 omnium
624 2073 903 2156 partium
930 2071 1097 2147 oris,
1135 2071 1368 2154 quibus
1391 2087 1621 2130 omnes
1652 2065 1795 2150 spe-

296 2176 429 2239 cies
464 2166 580 2234 sub
621 2165 858 2230 eodem
898 2181 1132 2245 genere
1165 2160 1515 2225 militantes
1546 2178 1794 2226 conue-

292 2274 498 2334 niunt.
599 2261 812 2330 Offert
835 2254 986 2329 ideo
1014 2258 1120 2323 hic
1142 2253 1466 2323 characffer
1489 2256 1793 2343 plurimas
1886 2273 1888 2275 ’

296 2365 549 2450 generis
588 2376 809 2438 notas,
874 2359 1169 2421 continet
1212 2350 1645 2419 charac‘lerem
1696 2354 1793 2420 es-

296 2454 631 2529 sentialem
665 2458 725 2524 ἃ
753 2451 1153 2520 artificialem
1184 2454 1245 2519 ὁ(
1276 2452 1396 2516 rite
1434 2449 1793 2519 elaboratus

299 2554 763 2626 certitudinem
798 2552 859 2618 ἀ
903 2546 1296 2615 soliditatem
1332 2542 1682 2633 systematis
1728 2551 1793 2617 ὅ(

297 2656 606 2722 scientiae
635 2648 854 2717 efficit.
954 2646 1279 2715 Omnibus
1324 2646 1655 2712 methodis
1686 2645 1798 2712 ad-

299 2752 433 2824 huc
469 2742 896 2822 conficiendis
932 2742 1325 2834 applicabilis
1360 2747 1518 2828 erit,
1566 2741 1612 2813 fi
1647 2739 1793 2810 ino-

1086 2863 1092 2868 ·
1712 2836 1798 2906 do
