1901 3209
751 147 1145 217 Ώκὲἐῦιῆἓὲ·

236 305 381 372 ralis
412 305 643 374 heroes
666 357 685 388 ‚
734 304 1295 372 omnesscientiae
1324 300 1548 369 felices
1591 302 1727 370 cul-

237 415 415 470 tores
447 403 778 487 systemate
814 402 1100 490 quodam
1142 398 1531 481 insiste-runt,
1583 399 1729 465 reli-

237 505 351 588 qui
379 524 536 566 vero
567 503 856 586 empirici
884 496 1445 565 obseruationibus
1486 500 1660 581 vagis
1695 516 1730 562 a

235 597 653 680 systematicis
683 595 1050 680 redigendis
1079 595 1413 661 scientiam
1444 610 1699 678 augent.

388 740 713 841 systemati
745 750 1229 834 entomologiae
1271 752 1572 836 pauciora
1614 769 1731 813 nu-

239 866 602 928 merantur,
667 863 729 911 at
781 847 957 932 plura
1016 847 1229 912 adhuc·
1279 845 1732 913 defiderantur.

216 949 399 1028 rQuo
435 944 608 1030 plura-
641 948 815 1008 enim
851 944 1277 1025 dabor-antur,
1304 967 1385 1009 eo
1419 946 1735 1008 maiorem

236 1041 638 1107 soliditatem
666 1043 725 1107 <St
756 1041 1216 1106 certitudinem
1247 1044 1501 1124 attingit
1531 1038 1737 1104 scien-

240 1143 350 1203 tia.
484 1144 774 1226 Sequens
817 1137 1252 1219 systematicus
1295 1128 1738 1202 antecedentis

241 1234 534 1304 humeris
571 1232 852 1300 infistens
878 1234 1065 1299 altius
1097 1233 1555 1319 circumspicit.

391 1396 765 1465 charaefferes
801 1421 1087 1489 generum
1135 1398 1488 1481 systematis
1533 1400 1743 1465 conti-

243 1513 405 1568 nent
454 1494 785 1562 essentiam
854 1496 913 1563 &
981 1495 1285 1560 scientiae
1348 1494 1745 1561 soliditatem

243 1595 574 1684 praebent.
673 1599 744 1658 In
778 1592 878 1658 his
909 1591 1063 1658 ideo
1100 1591 1745 1660 construendissum-

243 1715 352 1761 ma
379 1689 738 1758 adhibenda
767 1689 1130 1773 diligentia,
1164 1712 1243 1754 ne
1271 1687 1743 1769 characteribus

244 1788 430 1857 hisce
460 1786 903 1853 vacillantibus
923 1785 1345 1854 accumulatis
1371 1803 1590 1853 totum
1611 1802 1747 1850 tan-

250 1885 404 1952 dem
440 1900 580 1950 ruat
616 1883 901 1968 systema.

394 2039 770 2106 Charaec‘fferes
793 2065 1092 2132 generum
1137 2036 1322 2105 notas
1363 2060 1748 2105 communes

252 2136 690 2203 distinctarum
734 2137 1095 2225 specierum
1146 2135 1356 2202 sistunt
1394 2139 1454 2204 <Sc
1493 2158 1523 2201 a
1559 2140 1750 2222 parti-

250 2233 374 2299 bus
430 2230 739 2300 distinffis
762 2287 780 2315 ,
843 2236 1286 2299 determinatis
1347 2232 1749 2299 desumendi.

252 2334 412 2415 Qlo
449 2332 911 2397 constantiores
943 2330 1091 2396 sunt
1137 2331 1255 2396 hae
1295 2347 1504 2416 partes
1539 2330 1617 2395 ad
1657 2329 1754 2395 di-

251 2425 665 2494 stinstionem
699 2450 1011 2510 generum
1042 2426 1380 2505 assumtae,
1426 2449 1507 2493 eo
1546 2430 1754 2492 maio-

251 2546 396 2590 rem
431 2524 890 2590 certitudinem
929 2528 990 2592 &
1023 2525 1464 2611 praestantiam
1491 2522 1755 2590 habebit

250 2619 540 2704 systema.
689 2627 758 2688 In
789 2622 889 2688 his
926 2619 1353 2687 antecessores
1385 2643 1616 2687 omnes
1646 2618 1755 2685 ab·

238 2734 485 2790 errant.
587 2721 763 2788 Ante
786 2719 1120 2789 summum
1143 2716 1394 2787 aLinne':
1422 2722 1528 2787 vix
1551 2715 1757 2790 vllum

1551 2834 1755 2899 genus
